@article{aTabuSearch07,
	author		= "Cagdas Hakan Aladag and Gülsüm Hocaoglu",
	title		= "A Tabu Search Algorithm to Solve a Course Timetabling Problem",
	journal		= "Hacettepe Journal of Mathematics and Statistics",
	year		= "2007"
}

@techreport{guidedSearch09,
	author		= "Sadaf Naseem Jat and Shengxiang Yang",
	title		= "A Guided Search Genetic Algorithm for the University Course Timetabling Problem",
	institution	= "Multidisciplinary International Conference on Scheduling",
	year		= "2009"
}

@article{efficient03,
	author		= "S. Daskalaki and T. Birbas",
	title		= "Efficient Solutions for a University Timetabling Problem through Integer Programming",
	journal		= "European Journal of Operational Research",
	year		= "2003"
}

@misc{timeTableInfo06,
    author		= "Matthias Müller-Hannemann and Frank Schulz and Dorothea Wagner and Christos Zaroliagis",
    title		= "Timetable Information: Models and Algorithms",
    year		= "2006"
}

@misc{efficient10,
	author		= "M.V. Padmini and K. Athre",
	title		= "Efficient Design of University Timetable",
	year		= "2010"
}

@misc{anApp05,
	author		= "Alexander Brownlee",
	title		= "An Application of Genetic Algorithms to University Timetabling",
	type		= "BSc Honours Project",
	year		= "2005"
}

@article{tabuSearch89,
	author		= "Fred Glover",
	title		= "Tabu Search - Part I",
	journal		= "ORSA Journal on Computing",
	year		= "1989"
}

@techreport{geneticVS99,
	author		= "S. C. Chu and H. L. Fang",
	title		= "Genetic Algorithms vs. Tabu Search in Timetable Scheduling",
	institution	= "1999 Third International Conference on Knowledge-Based Intelligent Information Engineeing Systems",
	year		= "1999"
}

@misc{website:timetabling-software-survey,
      author = "Peter Karich",
      title = "Timetabling Software Survey",
      month = "June",
      year = "2008",
      url = "http://gstpl.wikispaces.com/Timetabling+Software+Survey"
}

@misc{timetabling02,
	author		= "Ender Ozcan and Alpay Alkan",
	title 		= "Timetabling using a Steady State Genetic Algorithm",
	year		= "2002",
}

@misc{solving12,
	author 		= "Samuel Lukas and Arnold Aribowo and Milyandreana Muchri",
	title 		= "Solving Timetable Problem by Genetic Algorithm and Heuristic Search Case Study",
	year 		= "2012"
}
